[{"date": "2024-01-01", "sales": 18211, "orders": 289}, {"date": "2024-01-02", "sales": 5582, "orders": 261}, {"date": "2024-01-03", "sales": 22381, "orders": 150}, {"date": "2024-01-04", "sales": 22573, "orders": 217}, {"date": "2024-01-05", "sales": 14979, "orders": 70}, {"date": "2024-01-06", "sales": 14313, "orders": 125}, {"date": "2024-01-07", "sales": 22602, "orders": 214}, {"date": "2024-01-08", "sales": 12252, "orders": 75}, {"date": "2024-01-09", "sales": 22550, "orders": 251}, {"date": "2024-01-10", "sales": 20897, "orders": 50}, {"date": "2024-01-11", "sales": 10302, "orders": 274}, {"date": "2024-01-12", "sales": 21446, "orders": 257}, {"date": "2024-01-13", "sales": 12929, "orders": 198}, {"date": "2024-01-14", "sales": 20181, "orders": 280}, {"date": "2024-01-15", "sales": 15632, "orders": 151}, {"date": "2024-01-16", "sales": 7060, "orders": 118}, {"date": "2024-01-17", "sales": 13869, "orders": 146}, {"date": "2024-01-18", "sales": 13649, "orders": 192}, {"date": "2024-01-19", "sales": 9345, "orders": 88}, {"date": "2024-01-20", "sales": 8210, "orders": 150}, {"date": "2024-01-21", "sales": 10469, "orders": 96}, {"date": "2024-01-22", "sales": 19067, "orders": 127}, {"date": "2024-01-23", "sales": 8372, "orders": 166}, {"date": "2024-01-24", "sales": 19654, "orders": 298}, {"date": "2024-01-25", "sales": 9061, "orders": 87}, {"date": "2024-01-26", "sales": 14695, "orders": 267}, {"date": "2024-01-27", "sales": 16033, "orders": 220}, {"date": "2024-01-28", "sales": 15487, "orders": 52}, {"date": "2024-02-01", "sales": 9486, "orders": 242}, {"date": "2024-02-02", "sales": 10302, "orders": 279}, {"date": "2024-02-03", "sales": 20411, "orders": 174}, {"date": "2024-02-04", "sales": 20566, "orders": 170}, {"date": "2024-02-05", "sales": 19608, "orders": 60}, {"date": "2024-02-06", "sales": 23818, "orders": 72}, {"date": "2024-02-07", "sales": 19768, "orders": 279}, {"date": "2024-02-08", "sales": 22462, "orders": 289}, {"date": "2024-02-09", "sales": 16566, "orders": 63}, {"date": "2024-02-10", "sales": 18831, "orders": 265}, {"date": "2024-02-11", "sales": 6647, "orders": 300}, {"date": "2024-02-12", "sales": 14281, "orders": 85}, {"date": "2024-02-13", "sales": 18257, "orders": 257}, {"date": "2024-02-14", "sales": 6203, "orders": 207}, {"date": "2024-02-15", "sales": 8784, "orders": 129}, {"date": "2024-02-16", "sales": 7079, "orders": 64}, {"date": "2024-02-17", "sales": 15438, "orders": 205}, {"date": "2024-02-18", "sales": 12055, "orders": 160}, {"date": "2024-02-19", "sales": 21587, "orders": 131}, {"date": "2024-02-20", "sales": 15927, "orders": 252}, {"date": "2024-02-21", "sales": 16318, "orders": 251}, {"date": "2024-02-22", "sales": 15934, "orders": 283}, {"date": "2024-02-23", "sales": 7705, "orders": 195}, {"date": "2024-02-24", "sales": 13952, "orders": 169}, {"date": "2024-02-25", "sales": 8070, "orders": 261}, {"date": "2024-02-26", "sales": 8718, "orders": 81}, {"date": "2024-02-27", "sales": 12312, "orders": 102}, {"date": "2024-02-28", "sales": 16484, "orders": 117}, {"date": "2024-03-01", "sales": 9332, "orders": 68}, {"date": "2024-03-02", "sales": 18065, "orders": 187}, {"date": "2024-03-03", "sales": 16067, "orders": 212}, {"date": "2024-03-04", "sales": 21437, "orders": 111}, {"date": "2024-03-05", "sales": 14585, "orders": 146}, {"date": "2024-03-06", "sales": 14934, "orders": 144}, {"date": "2024-03-07", "sales": 6599, "orders": 209}, {"date": "2024-03-08", "sales": 13100, "orders": 76}, {"date": "2024-03-09", "sales": 10402, "orders": 90}, {"date": "2024-03-10", "sales": 18356, "orders": 58}, {"date": "2024-03-11", "sales": 20596, "orders": 52}, {"date": "2024-03-12", "sales": 21698, "orders": 195}, {"date": "2024-03-13", "sales": 23091, "orders": 237}, {"date": "2024-03-14", "sales": 9023, "orders": 204}, {"date": "2024-03-15", "sales": 16321, "orders": 100}, {"date": "2024-03-16", "sales": 14119, "orders": 112}, {"date": "2024-03-17", "sales": 17675, "orders": 136}, {"date": "2024-03-18", "sales": 9630, "orders": 100}, {"date": "2024-03-19", "sales": 7288, "orders": 185}, {"date": "2024-03-20", "sales": 14528, "orders": 282}, {"date": "2024-03-21", "sales": 23277, "orders": 57}, {"date": "2024-03-22", "sales": 10857, "orders": 103}, {"date": "2024-03-23", "sales": 22691, "orders": 287}, {"date": "2024-03-24", "sales": 14760, "orders": 113}, {"date": "2024-03-25", "sales": 17770, "orders": 157}, {"date": "2024-03-26", "sales": 6724, "orders": 172}, {"date": "2024-03-27", "sales": 17806, "orders": 293}, {"date": "2024-03-28", "sales": 24253, "orders": 74}, {"date": "2024-04-01", "sales": 19508, "orders": 116}, {"date": "2024-04-02", "sales": 9293, "orders": 192}, {"date": "2024-04-03", "sales": 6343, "orders": 100}, {"date": "2024-04-04", "sales": 12411, "orders": 134}, {"date": "2024-04-05", "sales": 5347, "orders": 109}, {"date": "2024-04-06", "sales": 17205, "orders": 145}, {"date": "2024-04-07", "sales": 18625, "orders": 246}, {"date": "2024-04-08", "sales": 21498, "orders": 78}, {"date": "2024-04-09", "sales": 8761, "orders": 178}, {"date": "2024-04-10", "sales": 13312, "orders": 77}, {"date": "2024-04-11", "sales": 10744, "orders": 58}, {"date": "2024-04-12", "sales": 7097, "orders": 72}, {"date": "2024-04-13", "sales": 17003, "orders": 185}, {"date": "2024-04-14", "sales": 9098, "orders": 165}, {"date": "2024-04-15", "sales": 19148, "orders": 146}, {"date": "2024-04-16", "sales": 20930, "orders": 81}, {"date": "2024-04-17", "sales": 20675, "orders": 294}, {"date": "2024-04-18", "sales": 13567, "orders": 219}, {"date": "2024-04-19", "sales": 9696, "orders": 99}, {"date": "2024-04-20", "sales": 15946, "orders": 177}, {"date": "2024-04-21", "sales": 20159, "orders": 114}, {"date": "2024-04-22", "sales": 14673, "orders": 104}, {"date": "2024-04-23", "sales": 16277, "orders": 269}, {"date": "2024-04-24", "sales": 22038, "orders": 225}, {"date": "2024-04-25", "sales": 15909, "orders": 102}, {"date": "2024-04-26", "sales": 18606, "orders": 75}, {"date": "2024-04-27", "sales": 24578, "orders": 170}, {"date": "2024-04-28", "sales": 23430, "orders": 66}, {"date": "2024-05-01", "sales": 9085, "orders": 254}, {"date": "2024-05-02", "sales": 19678, "orders": 71}, {"date": "2024-05-03", "sales": 18016, "orders": 106}, {"date": "2024-05-04", "sales": 20899, "orders": 241}, {"date": "2024-05-05", "sales": 17621, "orders": 76}, {"date": "2024-05-06", "sales": 12691, "orders": 191}, {"date": "2024-05-07", "sales": 13325, "orders": 284}, {"date": "2024-05-08", "sales": 19974, "orders": 180}, {"date": "2024-05-09", "sales": 12558, "orders": 155}, {"date": "2024-05-10", "sales": 19520, "orders": 66}, {"date": "2024-05-11", "sales": 22386, "orders": 87}, {"date": "2024-05-12", "sales": 11477, "orders": 292}, {"date": "2024-05-13", "sales": 10418, "orders": 271}, {"date": "2024-05-14", "sales": 6284, "orders": 52}, {"date": "2024-05-15", "sales": 8805, "orders": 219}, {"date": "2024-05-16", "sales": 6080, "orders": 172}, {"date": "2024-05-17", "sales": 14363, "orders": 226}, {"date": "2024-05-18", "sales": 22636, "orders": 235}, {"date": "2024-05-19", "sales": 21602, "orders": 218}, {"date": "2024-05-20", "sales": 23136, "orders": 193}, {"date": "2024-05-21", "sales": 13250, "orders": 196}, {"date": "2024-05-22", "sales": 14110, "orders": 129}, {"date": "2024-05-23", "sales": 5224, "orders": 263}, {"date": "2024-05-24", "sales": 10254, "orders": 153}, {"date": "2024-05-25", "sales": 19208, "orders": 286}, {"date": "2024-05-26", "sales": 12676, "orders": 262}, {"date": "2024-05-27", "sales": 14465, "orders": 172}, {"date": "2024-05-28", "sales": 5283, "orders": 288}, {"date": "2024-06-01", "sales": 5299, "orders": 51}, {"date": "2024-06-02", "sales": 23328, "orders": 293}, {"date": "2024-06-03", "sales": 11282, "orders": 129}, {"date": "2024-06-04", "sales": 11119, "orders": 127}, {"date": "2024-06-05", "sales": 21449, "orders": 211}, {"date": "2024-06-06", "sales": 19484, "orders": 81}, {"date": "2024-06-07", "sales": 12424, "orders": 210}, {"date": "2024-06-08", "sales": 23516, "orders": 262}, {"date": "2024-06-09", "sales": 16428, "orders": 244}, {"date": "2024-06-10", "sales": 21324, "orders": 172}, {"date": "2024-06-11", "sales": 17899, "orders": 170}, {"date": "2024-06-12", "sales": 11652, "orders": 284}, {"date": "2024-06-13", "sales": 22761, "orders": 293}, {"date": "2024-06-14", "sales": 16932, "orders": 97}, {"date": "2024-06-15", "sales": 16081, "orders": 128}, {"date": "2024-06-16", "sales": 14061, "orders": 247}, {"date": "2024-06-17", "sales": 17423, "orders": 215}, {"date": "2024-06-18", "sales": 5365, "orders": 161}, {"date": "2024-06-19", "sales": 24131, "orders": 253}, {"date": "2024-06-20", "sales": 6809, "orders": 141}, {"date": "2024-06-21", "sales": 21331, "orders": 152}, {"date": "2024-06-22", "sales": 23677, "orders": 227}, {"date": "2024-06-23", "sales": 15023, "orders": 85}, {"date": "2024-06-24", "sales": 14578, "orders": 289}, {"date": "2024-06-25", "sales": 18791, "orders": 263}, {"date": "2024-06-26", "sales": 23877, "orders": 166}, {"date": "2024-06-27", "sales": 9595, "orders": 79}, {"date": "2024-06-28", "sales": 14118, "orders": 66}, {"date": "2024-07-01", "sales": 21986, "orders": 92}, {"date": "2024-07-02", "sales": 14871, "orders": 213}, {"date": "2024-07-03", "sales": 12082, "orders": 268}, {"date": "2024-07-04", "sales": 11754, "orders": 198}, {"date": "2024-07-05", "sales": 17817, "orders": 184}, {"date": "2024-07-06", "sales": 6731, "orders": 68}, {"date": "2024-07-07", "sales": 6778, "orders": 299}, {"date": "2024-07-08", "sales": 19679, "orders": 126}, {"date": "2024-07-09", "sales": 17998, "orders": 175}, {"date": "2024-07-10", "sales": 7090, "orders": 216}, {"date": "2024-07-11", "sales": 24078, "orders": 207}, {"date": "2024-07-12", "sales": 8384, "orders": 187}, {"date": "2024-07-13", "sales": 5876, "orders": 158}, {"date": "2024-07-14", "sales": 6806, "orders": 158}, {"date": "2024-07-15", "sales": 22473, "orders": 144}, {"date": "2024-07-16", "sales": 17987, "orders": 140}, {"date": "2024-07-17", "sales": 5117, "orders": 69}, {"date": "2024-07-18", "sales": 7122, "orders": 173}, {"date": "2024-07-19", "sales": 14075, "orders": 210}, {"date": "2024-07-20", "sales": 22918, "orders": 162}, {"date": "2024-07-21", "sales": 9928, "orders": 297}, {"date": "2024-07-22", "sales": 6404, "orders": 161}, {"date": "2024-07-23", "sales": 7635, "orders": 145}, {"date": "2024-07-24", "sales": 6879, "orders": 172}, {"date": "2024-07-25", "sales": 6451, "orders": 255}, {"date": "2024-07-26", "sales": 7170, "orders": 85}, {"date": "2024-07-27", "sales": 12476, "orders": 185}, {"date": "2024-07-28", "sales": 12910, "orders": 246}, {"date": "2024-08-01", "sales": 17298, "orders": 227}, {"date": "2024-08-02", "sales": 17617, "orders": 270}, {"date": "2024-08-03", "sales": 6152, "orders": 213}, {"date": "2024-08-04", "sales": 24302, "orders": 93}, {"date": "2024-08-05", "sales": 10888, "orders": 108}, {"date": "2024-08-06", "sales": 20616, "orders": 249}, {"date": "2024-08-07", "sales": 11868, "orders": 134}, {"date": "2024-08-08", "sales": 6242, "orders": 63}, {"date": "2024-08-09", "sales": 19886, "orders": 67}, {"date": "2024-08-10", "sales": 16620, "orders": 266}, {"date": "2024-08-11", "sales": 24995, "orders": 140}, {"date": "2024-08-12", "sales": 18515, "orders": 163}, {"date": "2024-08-13", "sales": 10549, "orders": 211}, {"date": "2024-08-14", "sales": 17189, "orders": 148}, {"date": "2024-08-15", "sales": 6262, "orders": 70}, {"date": "2024-08-16", "sales": 22107, "orders": 188}, {"date": "2024-08-17", "sales": 15293, "orders": 83}, {"date": "2024-08-18", "sales": 16872, "orders": 147}, {"date": "2024-08-19", "sales": 24558, "orders": 101}, {"date": "2024-08-20", "sales": 15155, "orders": 107}, {"date": "2024-08-21", "sales": 22680, "orders": 54}, {"date": "2024-08-22", "sales": 20986, "orders": 101}, {"date": "2024-08-23", "sales": 11512, "orders": 55}, {"date": "2024-08-24", "sales": 18288, "orders": 172}, {"date": "2024-08-25", "sales": 6551, "orders": 162}, {"date": "2024-08-26", "sales": 20502, "orders": 233}, {"date": "2024-08-27", "sales": 23989, "orders": 64}, {"date": "2024-08-28", "sales": 15595, "orders": 242}, {"date": "2024-09-01", "sales": 24554, "orders": 85}, {"date": "2024-09-02", "sales": 16422, "orders": 69}, {"date": "2024-09-03", "sales": 17416, "orders": 131}, {"date": "2024-09-04", "sales": 14124, "orders": 81}, {"date": "2024-09-05", "sales": 15369, "orders": 203}, {"date": "2024-09-06", "sales": 15051, "orders": 81}, {"date": "2024-09-07", "sales": 14083, "orders": 86}, {"date": "2024-09-08", "sales": 19756, "orders": 144}, {"date": "2024-09-09", "sales": 20519, "orders": 242}, {"date": "2024-09-10", "sales": 20482, "orders": 287}, {"date": "2024-09-11", "sales": 13181, "orders": 300}, {"date": "2024-09-12", "sales": 12610, "orders": 133}, {"date": "2024-09-13", "sales": 9313, "orders": 222}, {"date": "2024-09-14", "sales": 20993, "orders": 222}, {"date": "2024-09-15", "sales": 18390, "orders": 196}, {"date": "2024-09-16", "sales": 22595, "orders": 191}, {"date": "2024-09-17", "sales": 24892, "orders": 252}, {"date": "2024-09-18", "sales": 11986, "orders": 196}, {"date": "2024-09-19", "sales": 5118, "orders": 126}, {"date": "2024-09-20", "sales": 16349, "orders": 124}, {"date": "2024-09-21", "sales": 5538, "orders": 180}, {"date": "2024-09-22", "sales": 17555, "orders": 64}, {"date": "2024-09-23", "sales": 20794, "orders": 123}, {"date": "2024-09-24", "sales": 5456, "orders": 225}, {"date": "2024-09-25", "sales": 19182, "orders": 215}, {"date": "2024-09-26", "sales": 11999, "orders": 90}, {"date": "2024-09-27", "sales": 7045, "orders": 75}, {"date": "2024-09-28", "sales": 7110, "orders": 71}, {"date": "2024-10-01", "sales": 14052, "orders": 246}, {"date": "2024-10-02", "sales": 23489, "orders": 136}, {"date": "2024-10-03", "sales": 5378, "orders": 130}, {"date": "2024-10-04", "sales": 23207, "orders": 113}, {"date": "2024-10-05", "sales": 18293, "orders": 72}, {"date": "2024-10-06", "sales": 13901, "orders": 69}, {"date": "2024-10-07", "sales": 10688, "orders": 181}, {"date": "2024-10-08", "sales": 23342, "orders": 192}, {"date": "2024-10-09", "sales": 6008, "orders": 161}, {"date": "2024-10-10", "sales": 5918, "orders": 94}, {"date": "2024-10-11", "sales": 10100, "orders": 59}, {"date": "2024-10-12", "sales": 5977, "orders": 107}, {"date": "2024-10-13", "sales": 20613, "orders": 78}, {"date": "2024-10-14", "sales": 14460, "orders": 264}, {"date": "2024-10-15", "sales": 8067, "orders": 192}, {"date": "2024-10-16", "sales": 12524, "orders": 145}, {"date": "2024-10-17", "sales": 9292, "orders": 270}, {"date": "2024-10-18", "sales": 12400, "orders": 177}, {"date": "2024-10-19", "sales": 21821, "orders": 146}, {"date": "2024-10-20", "sales": 11814, "orders": 190}, {"date": "2024-10-21", "sales": 10415, "orders": 200}, {"date": "2024-10-22", "sales": 21498, "orders": 146}, {"date": "2024-10-23", "sales": 14953, "orders": 56}, {"date": "2024-10-24", "sales": 22738, "orders": 88}, {"date": "2024-10-25", "sales": 17422, "orders": 256}, {"date": "2024-10-26", "sales": 23179, "orders": 195}, {"date": "2024-10-27", "sales": 13861, "orders": 261}, {"date": "2024-10-28", "sales": 20414, "orders": 264}, {"date": "2024-11-01", "sales": 12952, "orders": 171}, {"date": "2024-11-02", "sales": 20013, "orders": 276}, {"date": "2024-11-03", "sales": 7342, "orders": 250}, {"date": "2024-11-04", "sales": 21115, "orders": 106}, {"date": "2024-11-05", "sales": 5811, "orders": 99}, {"date": "2024-11-06", "sales": 13516, "orders": 144}, {"date": "2024-11-07", "sales": 24327, "orders": 241}, {"date": "2024-11-08", "sales": 13921, "orders": 57}, {"date": "2024-11-09", "sales": 5780, "orders": 121}, {"date": "2024-11-10", "sales": 13760, "orders": 179}, {"date": "2024-11-11", "sales": 19426, "orders": 247}, {"date": "2024-11-12", "sales": 18347, "orders": 114}, {"date": "2024-11-13", "sales": 23449, "orders": 287}, {"date": "2024-11-14", "sales": 8126, "orders": 108}, {"date": "2024-11-15", "sales": 17832, "orders": 161}, {"date": "2024-11-16", "sales": 17400, "orders": 165}, {"date": "2024-11-17", "sales": 12779, "orders": 143}, {"date": "2024-11-18", "sales": 16330, "orders": 156}, {"date": "2024-11-19", "sales": 7812, "orders": 274}, {"date": "2024-11-20", "sales": 8845, "orders": 165}, {"date": "2024-11-21", "sales": 20565, "orders": 208}, {"date": "2024-11-22", "sales": 19264, "orders": 143}, {"date": "2024-11-23", "sales": 13099, "orders": 110}, {"date": "2024-11-24", "sales": 17942, "orders": 80}, {"date": "2024-11-25", "sales": 5629, "orders": 178}, {"date": "2024-11-26", "sales": 9454, "orders": 201}, {"date": "2024-11-27", "sales": 14354, "orders": 257}, {"date": "2024-11-28", "sales": 21693, "orders": 130}, {"date": "2024-12-01", "sales": 24805, "orders": 286}, {"date": "2024-12-02", "sales": 24165, "orders": 77}, {"date": "2024-12-03", "sales": 8972, "orders": 66}, {"date": "2024-12-04", "sales": 15266, "orders": 256}, {"date": "2024-12-05", "sales": 17869, "orders": 223}, {"date": "2024-12-06", "sales": 14369, "orders": 63}, {"date": "2024-12-07", "sales": 18128, "orders": 78}, {"date": "2024-12-08", "sales": 7281, "orders": 142}, {"date": "2024-12-09", "sales": 24216, "orders": 248}, {"date": "2024-12-10", "sales": 8635, "orders": 211}, {"date": "2024-12-11", "sales": 24131, "orders": 82}, {"date": "2024-12-12", "sales": 24201, "orders": 243}, {"date": "2024-12-13", "sales": 11833, "orders": 220}, {"date": "2024-12-14", "sales": 7437, "orders": 218}, {"date": "2024-12-15", "sales": 6053, "orders": 178}, {"date": "2024-12-16", "sales": 12491, "orders": 153}, {"date": "2024-12-17", "sales": 16632, "orders": 82}, {"date": "2024-12-18", "sales": 20951, "orders": 142}, {"date": "2024-12-19", "sales": 19115, "orders": 250}, {"date": "2024-12-20", "sales": 19492, "orders": 255}, {"date": "2024-12-21", "sales": 5623, "orders": 133}, {"date": "2024-12-22", "sales": 6644, "orders": 222}, {"date": "2024-12-23", "sales": 19989, "orders": 79}, {"date": "2024-12-24", "sales": 14489, "orders": 111}, {"date": "2024-12-25", "sales": 24484, "orders": 229}, {"date": "2024-12-26", "sales": 14941, "orders": 218}, {"date": "2024-12-27", "sales": 5636, "orders": 117}, {"date": "2024-12-28", "sales": 23849, "orders": 119}]